<?xml version="1.0" encoding="UTF-8"?><collection xmlns="http://www.loc.gov/MARC21/slim"><record><leader>00389nam--2200133-i-4500</leader><controlfield tag="001">000031823</controlfield><controlfield tag="002">20161230</controlfield><controlfield tag="005">20161230201038</controlfield><controlfield tag="008">060222s1000------------r-----000-0-eng-d</controlfield><datafield ind1=" " ind2=" " tag="080"><subfield code="a">621.372.54(043)</subfield></datafield><datafield ind1=" " ind2=" " tag="100"><subfield code="a">Mauffret, Michel</subfield></datafield><datafield ind1=" " ind2=" " tag="245"><subfield code="a">Formules explicites pour le calcul de filtres passe-bande. these</subfield></datafield><datafield ind1=" " ind2=" " tag="260"><subfield code="a">Paris-sud, Univ.De Paris-sud, Centre D`Orsay, 1972, 87p</subfield></datafield><datafield ind1=" " ind2=" " tag="852"><subfield code="a">40300</subfield></datafield></record></collection>